<?xml version="1.0" encoding="UTF-8"?><record xmlns="http://www.loc.gov/MARC21/slim" xmlns:cinclude="http://apache.org/cocoon/include/1.0" xmlns:zs="http://www.loc.gov/zing/srw/">
  <leader>01359cz  a2200253n  4500</leader>
  <controlfield tag="001">n  87110278 </controlfield>
  <controlfield tag="003">DLC</controlfield>
  <controlfield tag="005">20130324074816.0</controlfield>
  <controlfield tag="008">870713n| azannaabn          |a aaa      </controlfield>
  <datafield tag="010" ind1=" " ind2=" ">
    <subfield code="a">n  87110278 </subfield>
  </datafield>
  <datafield tag="035" ind1=" " ind2=" ">
    <subfield code="a">(OCoLC)oca01894519</subfield>
  </datafield>
  <datafield tag="040" ind1=" " ind2=" ">
    <subfield code="a">DLC</subfield>
    <subfield code="b">eng</subfield>
    <subfield code="e">rda</subfield>
    <subfield code="c">DLC</subfield>
    <subfield code="d">DLC</subfield>
    <subfield code="d">NjP</subfield>
  </datafield>
  <datafield tag="046" ind1=" " ind2=" ">
    <subfield code="f">19400302</subfield>
    <subfield code="g">20121128</subfield>
  </datafield>
  <datafield tag="100" ind1="0" ind2=" ">
    <subfield code="a">Spain</subfield>
    <subfield code="c">(Cartoonist)</subfield>
  </datafield>
  <datafield tag="370" ind1=" " ind2=" ">
    <subfield code="a">Buffalo, N.Y.</subfield>
    <subfield code="b">San Francisco, Calif.</subfield>
    <subfield code="e">New York, N.Y.</subfield>
  </datafield>
  <datafield tag="372" ind1=" " ind2=" ">
    <subfield code="a">Underground comic books, strips, etc.</subfield>
    <subfield code="2">lcsh</subfield>
  </datafield>
  <datafield tag="374" ind1=" " ind2=" ">
    <subfield code="a">Cartoonist</subfield>
  </datafield>
  <datafield tag="375" ind1=" " ind2=" ">
    <subfield code="a">male</subfield>
  </datafield>
  <datafield tag="377" ind1=" " ind2=" ">
    <subfield code="a">eng</subfield>
  </datafield>
  <datafield tag="400" ind1="1" ind2=" ">
    <subfield code="a">Rodriguez, Manuel,</subfield>
    <subfield code="d">1940-2012</subfield>
  </datafield>
  <datafield tag="400" ind1="1" ind2=" ">
    <subfield code="a">Rodriguez, Spain</subfield>
  </datafield>
  <datafield tag="670" ind1=" " ind2=" ">
    <subfield code="a">nuc87-66635: Author's Mean bitch thrills, 1971</subfield>
    <subfield code="b">(hdg. on MiEM rept.: Rodriguez, Spain)</subfield>
  </datafield>
  <datafield tag="670" ind1=" " ind2=" ">
    <subfield code="a">His Trashman lives! 1989:</subfield>
    <subfield code="b">t.p. (Spain) introd. (Manuel Rodriguez; came to NYC from Buffalo, NY; former art student and member of Road Vultures M.C., a Buffalo biker gang) p. 4 of cover (Spain Rodriguez)</subfield>
  </datafield>
  <datafield tag="670" ind1=" " ind2=" ">
    <subfield code="a">New York times WWW site, Dec. 3, 2012</subfield>
    <subfield code="b">(in obituary published Dec. 2: Spain Rodriguez; b. Manuel Rodriguez, Mar. 2, 1940, Buffalo; became "Spain" as a boy defending his heritage in fights with schoolmates; d. Wednesday [Nov. 28, 2012], San Francisco, aged 72; cartoonist whose radical politics and hyperbolic macho imagery, all presented with sly humor, were influential elements in the rise of underground comics)</subfield>
  </datafield>
</record>